"Date","Check Number","Description","Debit","Credit","Running Balance"
,,,,,0
"99/99/9999",6468,"VOID CHECK",56.72,,-56.72
"99/99/9999",6481,"VOID CHECK",0,,-56.72
"99/99/9999",6490,"VOID CHECK",0,,-56.72
"99/99/9999",6501,"VOID CHECK",25,,-81.72
"99/99/9999",6514,"VOID CHECK",0,,-81.72
"99/99/9999",6519,"VOID CHECK",25,,-106.72
"99/99/9999",6524,"VOID CHECK",25,,-131.72
"99/99/9999",6540,"VOID CHECK",15.59,,-147.31
"99/99/9999",6549,"VOID CHECK",37.1,,-184.41
"99/99/9999",6648,"VOID CHECK",0,,-184.41
"99/99/9999",6652,"VOID CHECK",0,,-184.41
"99/99/9999",6661,"VOID CHECK",0,,-184.41
"99/99/9999",6679,"VOID CHECK",0,,-184.41
"99/99/9999",6682,"VOID CHECK",0,,-184.41
"99/99/9999",6683,"VOID CHECK",0,,-184.41
"99/99/9999",6702,"VOID CHECK",100.15,,-284.56
"99/99/9999",6722,"VOID CHECK",0,,-284.56
"99/99/9999",6722,"VOID CHECK",0,,-284.56
"99/99/9999",6730,"VOID CHECK",0,,-284.56
"99/99/9999",6763,"VOID CHECK",0,,-284.56
"99/99/9999",6805,"VOID CHECK",0,,-284.56
"99/99/9999",6819,"VOID CHECK",0,,-284.56
"99/99/9999",6829,"VOID CHECK",0,,-284.56
"99/99/9999",6834,"VOID CHECK",0,,-284.56
"99/99/9999",6926,"VOID CHECK",0,,-284.56
"99/99/9999",6936,"VOID CHECK",0,,-284.56
"99/99/9999",6973,"VOID CHECK",0,,-284.56
"99/99/9999",6990,"VOID CHECK",0,,-284.56
"11/05/2006",7078,"VOID CHECK",0,,-50.00
"03/05/2007",7175,"VOID CHECK",0,,-00.00
"03/22/2007",7188,"VOID CHECK",0,,-14.97
"03/22/2007",7189,"VOID CHECK",0,,-62.21
"04/03/2007",7203,"VOID CHECK",0,,-60.45
"99/99/9999",7298,"VOID CHECK",0,,-00.00
"05/18/2007",7247,"VOID CHECK",0,,-50.00
"09/05/2007",7336,"VOID CHECK",0,,-10.00
"10/10/2007",7365,"VOID CHECK",0,,-3000.00
"11/05/2007",7380,"VOID CHECK",0,,-3000.00
Date,Check Number,Description,Debit,Credit,Running Balance

12/21/2005,0006731,CHECK,$490.00,,$10423.85
12/22/2005,0006728,AMERICAN EXPRESSCHECK PYMT,$1015.00,,$9408.85
12/23/2005,0006725,CHECK,$23.40,,$9385.45
12/23/2005,0006727,CHECK,$69.00,,$9316.45
12/28/2005,,DIRECT CHECKS   CK ORDER,$44.60,,$9271.85
12/28/2005,0006723,CHECK,$35.00,,$9236.85
12/29/2005,,ITT ADVANCED ENGPAYROLL,,$3379.83,$12616.68
12/29/2005,,POTOMAC RUN 2,$60.00,,$12556.68
01/03/2006,,POTOMAC RUN 1,$60.00,,$12496.68
01/03/2006,0006735,CHECK,$9.90,,$12486.78
01/04/2006,0006733,CHECK,$45.22,,$12441.56
01/04/2006,0006687,CHECK,$300.00,,$12141.56
01/05/2006,0006739,DOM VA NC POWER BILLPYMT,$90.00,,$12051.56
01/05/2006,0006738,CHECK,$69.00,,$11982.56
01/05/2006,0006741,CHECK,$300.00,,$11682.56
01/05/2006,0006729,CHECK,$37.50,,$11645.06
01/06/2006,0006734,CHECK,$21.00,,$11624.06
01/06/2006,0006732,CHECK,$50.00,,$11574.06
01/09/2006,,POTOMAC RUN 2,$40.00,,$11534.06
01/09/2006,0006742,CHECK,$25.00,,$11509.06
01/09/2006,0006740,CHECK,$1554.00,,$9955.06
01/10/2006,,PROGRESSIVE INS.INS PREM,$306.70,,$9648.36
01/10/2006,,CHECK,$39.00,,$9609.36
01/12/2006,,ITT ADVANCED ENGPAYROLL,,$3109.84,$12719.20
01/17/2006,,OTHER ATM NETWORK FEE,$2.00,,$12717.20
01/17/2006,,INSTITUTION_NAM,$20.00,,$12697.20
01/17/2006,0006745,CHECK,$40.71,,$12656.49
01/17/2006,0006746,CHECK,$84.10,,$12572.39
01/18/2006,,DEPOSIT,,$306.29,$12878.68
01/18/2006,0006749,WASH GAS UTILITYCHECKPAYMT,$247.00,,$12631.68
01/18/2006,0006744,CHECK,$2500.00,,$10131.68
01/19/2006,0006753,AMERICAN EXPRESSCHECK PYMT,$1632.00,,$8499.68
01/19/2006,0006751,CHECK,$15.00,,$8484.68
01/19/2006,0006750,CHECK,$65.00,,$8419.68
01/19/2006,0006736,CHECK,$75.00,,$8344.68
01/19/2006,0006743,CHECK,$80.00,,$8264.68
01/19/2006,0006752,CHECK,$340.24,,$7924.44
01/19/2006,0006747,CHECK,$440.00,,$7484.44
01/20/2006,,INTEREST PAYMENT,,$0.93,$7485.37
01/20/2006,,COUNTRYSIDE,$20.00,,$7465.37
01/20/2006,0006757,CHECK,$425.00,,$7040.37

	
Date,Check Number,Description,Debit,Credit,Running Balance

01/23/2006,,SFWY 1084 PIDGEON HILL,$120.00,,$6920.37
01/24/2006,0006759,CHECK,$80.78,,$6839.59
01/24/2006,0006755,CHECK,$229.00,,$6610.59
01/26/2006,,ITT ADVANCED ENGPAYROLL,,$3370.15,$9980.74
01/26/2006,,POTOMAC RUN 2,$40.00,,$9940.74
01/30/2006,,DEPOSIT,,$118.41,$10059.15
01/30/2006,,POTOMAC RUN 2,$20.00,,$10039.15
01/30/2006,0006758,CHECK,$20.00,,$10019.15
01/30/2006,0006762,CHECK,$368.82,,$9650.33
01/30/2006,0006706,CHECK,$850.00,,$8800.33
01/30/2006,0006737,CHECK,$850.00,,$7950.33
01/31/2006,0006773,CHECK,$320.00,,$7630.33
01/31/2006,0006761,CHECK,$4.06,,$7626.27
01/31/2006,0006765,CHECK,$200.00,,$7426.27
02/01/2006,0006769,DOM VA NC POWER BILLPYMT,$96.00,,$7330.27
02/01/2006,0006772,CHECK,$87.08,,$7243.19
02/01/2006,0006770,CHECK,$129.00,,$7114.19
02/02/2006,,SFWY 1084 PIDGEON HILL,$20.00,,$7094.19
02/02/2006,0006756,CHECK,$80.00,,$7014.19
02/02/2006,0006768,CHECK,$752.00,,$6262.19
02/03/2006,0006774,CHECK,$130.47,,$6131.72
02/07/2006,,CHECK,$39.00,,$6092.72
02/08/2006,0006764,CHECK,$9.00,,$6083.72
02/09/2006,,ITT ADVANCED ENGPAYROLL,,$3312.73,$9396.45
02/09/2006,0006775,CHECK,$80.00,,$9316.45
02/09/2006,0006776,CHECK,$80.00,,$9236.45
02/10/2006,,PROGRESSIVE INS.INS PREM,$320.54,,$8915.91
02/13/2006,,COUNTRYSIDE,$200.00,,$8715.91
02/13/2006,0006748,CHECK,$850.00,,$7865.91
02/13/2006,0006767,CHECK,$850.00,,$7015.91
02/14/2006,,DEPOSIT,,$60.79,$7076.70
02/14/2006,0006779,AMERICAN EXPRESSCHECK PYMT,$11.11,,$7065.59
02/14/2006,0006754,CHECK,$20.00,,$7045.59
02/14/2006,0006777,CHECK,$144.03,,$6901.56
02/14/2006,0006782,CHECK,$263.00,,$6638.56
02/15/2006,0006785,CHECK,$5.28,,$6633.28
02/15/2006,0006784,CHECK,$129.00,,$6504.28
02/15/2006,0006781,CHECK,$144.00,,$6360.28
02/16/2006,0006780,CHECK,$15.00,,$6345.28
02/17/2006,,INTEREST PAYMENT,,$0.57,$6345.85
02/17/2006,0006783,CHECK,$65.00,,$6280.85
02/17/2006,0006786,CHECK,$84.76,,$6196.09

	
Date,Check Number,Description,Debit,Credit,Running Balance

02/21/2006,,OTHER ATM NETWORK FEE,$2.00,,$6194.09
02/21/2006,,PUBLIC SERVICE,$82.00,,$6112.09
02/22/2006,,OTHER ATM NETWORK FEE,$2.00,,$6110.09
02/22/2006,,W.F.B,$42.00,,$6068.09
02/23/2006,,PROGRESSIVE INS.INS PREM,,$320.54,$6388.63
02/23/2006,,ITT ADVANCED ENGPAYROLL,,$2925.30,$9313.93
02/24/2006,,DEPOSIT,,$175.00,$9488.93
02/27/2006,,POTOMAC RUN 2,$60.00,,$9428.93
02/27/2006,0006787,CHECK,$400.00,,$9028.93
02/28/2006,0006790,AMERICAN EXPRESSCHECK PYMT,$1632.00,,$7396.93
03/01/2006,,COUNTRYSIDE,$40.00,,$7356.93
03/06/2006,0006771,CHECK,$70.00,,$7286.93
03/07/2006,0006792,CHECK,$17.00,,$7269.93
03/07/2006,,CHECK,$39.00,,$7230.93
03/08/2006,0006797,DOM VA NC POWER BILLPYMT,$110.00,,$7120.93
03/08/2006,0006795,CHECK,$83.00,,$7037.93
03/08/2006,0006803,CHECK,$89.01,,$6948.92
03/08/2006,0006766,CHECK,$184.00,,$6764.92
03/08/2006,0006760,CHECK,$201.00,,$6563.92
03/08/2006,0006798,CHECK,$263.00,,$6300.92
03/08/2006,0006794,CHECK,$382.00,,$5918.92
03/09/2006,,ITT ADVANCED ENGPAYROLL,,$3388.02,$9306.94
03/09/2006,0006796,WASH GAS UTILITYCHECKPAYMT,$233.00,,$9073.94
03/09/2006,0006789,CHECK,$25.00,,$9048.94
03/09/2006,0006802,CHECK,$25.00,,$9023.94
03/09/2006,0006804,CHECK,$31.50,,$8992.44
03/10/2006,0006809,CHECK,$37.49,,$8954.95
03/13/2006,,POTOMAC RUN 2,$100.00,,$8854.95
03/13/2006,0006788,CHECK,$11.00,,$8843.95
03/13/2006,0006801,CHECK,$15.00,,$8828.95
03/13/2006,0006808,CHECK,$25.00,,$8803.95
03/14/2006,,DEPOSIT,,$651.00,$9454.95
03/14/2006,0006799,CHECK,$25.00,,$9429.95
03/14/2006,0006813,CHECK,$83.41,,$9346.54
03/15/2006,0006806,CHECK,$80.00,,$9266.54
03/15/2006,0006812,CHECK,$100.00,,$9166.54
03/15/2006,0006815,CHECK,$135.00,,$9031.54
03/16/2006,,ITT ADVANCED ENGPAYROLL,,$1083.54,$10115.08
03/16/2006,,HERNDON SAFEWAY,$60.00,,$10055.08
03/16/2006,0006814,CHECK,$30.98,,$10024.10
03/20/2006,0006819,OLD NAVY #5530  PURCHASE,$24.14,,$9999.96
03/20/2006,0006810,CHECK,$187.95,,$9812.01
03/21/2006,,INTEREST PAYMENT,,$0.72,$9812.73
03/21/2006,0006817,WASH GAS UTILITYCHECKPAYMT,$233.00,,$9579.73
03/21/2006,,POTOMAC RUN 1,$20.00,,$9559.73
03/21/2006,0006821,CHECK,$4.55,,$9555.18
03/21/2006,0006822,CHECK,$22.05,,$9533.13
03/21/2006,0006820,CHECK,$41.31,,$9491.82
03/21/2006,0006818,CHECK,$64.00,,$9427.82

	
Date,Check Number,Description,Debit,Credit,Running Balance

03/22/2006,0006778,CHECK,$850.00,,$8577.82
03/22/2006,0006793,CHECK,$850.00,,$7727.82
03/23/2006,,ITT ADVANCED ENGPAYROLL,,$4299.23,$12027.05
03/23/2006,0006823,AMERICAN EXPRESSCHECK PYMT,$1875.00,,$10152.05
03/23/2006,0006826,CHECK,$54.45,,$10097.60
03/23/2006,0006807,CHECK,$80.00,,$10017.60
03/23/2006,0006825,CHECK,$407.90,,$9609.70
03/24/2006,,POTOMAC RUN 2,$40.00,,$9569.70
03/24/2006,0006824,CHECK,$15.00,,$9554.70
03/27/2006,,OTHER ATM NETWORK FEE,$2.00,,$9552.70
03/27/2006,0006829,OLD NAVY OUTLET PURCHASE,$56.65,,$9496.05
03/27/2006,,WEGMANS,$101.00,,$9395.05
03/28/2006,,STATE FARM RO 27SFPP,$460.77,,$8934.28
03/28/2006,0006838,CHECK,$81.86,,$8852.42
03/28/2006,0006791,CHECK,$15.00,,$8837.42
03/28/2006,0006827,CHECK,$66.10,,$8771.32
03/28/2006,0006828,CHECK,$95.93,,$8675.39
03/29/2006,0006831,CHECK,$604.00,,$8071.39
04/03/2006,0006841,CHECK,$23.95,,$8047.44
04/03/2006,0006832,CHECK,$72.99,,$7974.45
04/03/2006,0006833,CHECK,$143.00,,$7831.45
04/03/2006,0006839,CHECK,$201.93,,$7629.52
04/04/2006,,COUNTRYSIDE,$40.00,,$7589.52
04/04/2006,0006846,CHECK,$18.33,,$7571.19
04/04/2006,0006842,CHECK,$55.23,,$7515.96
04/05/2006,0006845,CHECK,$16.36,,$7499.60
04/05/2006,0006811,CHECK,$29.00,,$7470.60
04/05/2006,0006847,CHECK,$405.00,,$7065.60
04/06/2006,,ITT ADVANCED ENGPAYROLL,,$3493.44,$10559.04
04/06/2006,0006848,CHECK,$84.61,,$10474.43
04/06/2006,0006816,CHECK,$850.00,,$9624.43
04/06/2006,0006830,CHECK,$850.00,,$8774.43
04/07/2006,,POTOMAC RUN 2,$40.00,,$8734.43
04/10/2006,,POTOMAC RUN 2,$100.00,,$8634.43
04/10/2006,0006837,CHECK,$15.00,,$8619.43
04/10/2006,0006840,CHECK,$100.00,,$8519.43
04/11/2006,0006858,DOM VA NC POWER BILLPYMT,$91.00,,$8428.43
04/11/2006,0006854,CHECK,$8.00,,$8420.43
04/11/2006,0006855,CHECK,$8.00,,$8412.43
04/11/2006,0006844,CHECK,$12.00,,$8400.43
04/11/2006,0006856,CHECK,$16.00,,$8384.43
04/11/2006,0006852,CHECK,$60.00,,$8324.43
04/11/2006,0006857,CHECK,$280.00,,$8044.43
04/12/2006,0006860,CHECK,$15.00,,$8029.43
04/12/2006,0006863,CHECK,$26.00,,$8003.43
04/12/2006,0006851,CHECK,$625.00,,$7378.43
04/13/2006,0006849,CHECK,$15.00,,$7363.43
04/13/2006,0006836,CHECK,$15.00,,$7348.43
04/13/2006,0006835,CHECK,$90.00,,$7258.43
04/14/2006,0006800,CHECK,$40.00,,$7218.43
04/17/2006,,DEPOSIT,,$489.00,$7707.43
04/17/2006,0006865,CHECK,$62.43,,$7645.00
04/18/2006,0006859,CHECK,$20.00,,$7625.00
04/19/2006,0006850,CHECK,$300.00,,$7325.00
04/20/2006,,ITT ADVANCED ENGPAYROLL,,$3212.32,$10537.32
04/20/2006,0006853,CHECK,$80.00,,$10457.32
04/20/2006,0006866,CHECK,$176.35,,$10280.97
04/20/2006,0006862,CHECK,$520.00,,$9760.97
04/21/2006,,INTEREST PAYMENT,,$0.70,$9761.67
04/21/2006,,POTOMAC RUN 2,$60.00,,$9701.67
04/21/2006,0006867,CHECK,$370.00,,$9331.67
04/24/2006,0006873,CHECK,$108.00,,$9223.67
04/24/2006,0006869,CHECK,$131.75,,$9091.92
04/25/2006,,DEPOSIT,,$3941.00,$13032.92
04/25/2006,0006872,WASH GAS UTILITYCHECKPAYMT,$152.00,,$12880.92
04/25/2006,,COUNTRYSIDE,$20.00,,$12860.92
04/25/2006,0006868,CHECK,$18.00,,$12842.92
04/25/2006,0006877,CHECK,$32.19,,$12810.73
04/25/2006,0006871,CHECK,$66.00,,$12744.73
04/26/2006,,STATE FARM RO 27SFPP,$460.77,,$12283.96
04/26/2006,0006874,CHECK,$480.00,,$11803.96
04/28/2006,0006876,AMERICAN EXPRESSCHECK PYMT,$1026.00,,$10777.96
04/28/2006,0006875,CHECK,$1427.00,,$9350.96
05/01/2006,,POTOMAC RUN 2,$60.00,,$9290.96
05/02/2006,0006879,CHECK,$45.19,,$9245.77
05/03/2006,0006861,CHECK,$850.00,,$8395.77
05/03/2006,0006870,CHECK,$850.00,,$7545.77
05/04/2006,,ITT ADVANCED ENGPAYROLL,,$3142.05,$10687.82
05/08/2006,,POTOMAC RUN 2,$120.00,,$10567.82
05/08/2006,0006882,CHECK,$40.97,,$10526.85
05/08/2006,0006885,CHECK,$75.40,,$10451.45
05/09/2006,0006884,CHECK,$48.20,,$10403.25
05/10/2006,0006843,CHECK,$147.00,,$10256.25
05/10/2006,0006881,CHECK,$2000.00,,$8256.25
05/11/2006,0006886,CHECK,$52.60,,$8203.65
05/12/2006,,SHELL OIL  24542,$15.86,,$8187.79
05/15/2006,0006896,DOM VA NC POWER BILLPYMT,$85.00,,$8102.79
05/15/2006,,POTOMAC RUN 2,$120.00,,$7982.79
05/15/2006,0006898,CHECK,$9.09,,$7973.70
05/15/2006,0006887,CHECK,$25.00,,$7948.70
05/15/2006,0006893,CHECK,$65.00,,$7883.70
05/15/2006,0006890,CHECK,$270.00,,$7613.70
05/16/2006,0006895,WASH GAS UTILITYCHECKPAYMT,$86.00,,$7527.70
05/16/2006,0006904,CHECK,$16.79,,$7510.91
05/16/2006,0006897,CHECK,$15.00,,$7495.91
05/16/2006,0006902,CHECK,$24.33,,$7471.58
05/16/2006,0006894,CHECK,$146.00,,$7325.58
05/18/2006,,ITT ADVANCED ENGPAYROLL,,$3833.67,$11159.25
05/18/2006,0006903,CHECK,$19.00,,$11140.25
05/18/2006,0006906,CHECK,$57.00,,$11083.25
05/19/2006,,INTEREST PAYMENT,,$0.72,$11083.97
05/19/2006,0006912,CHECK,$100.00,,$10983.97
05/19/2006,0006909,CHECK,$20.00,,$10963.97
05/19/2006,0006910,CHECK,$45.92,,$10918.05
05/19/2006,0006900,CHECK,$49.71,,$10868.34
05/19/2006,0006905,CHECK,$80.00,,$10788.34
05/19/2006,0006908,CHECK,$177.00,,$10611.34

Date,Check Number,Description,Debit,Credit,Running Balance

05/22/2006,,POTOMAC RUN 1,$100.00,,$10511.34
05/22/2006,0006878,CHECK,$25.00,,$10486.34
05/22/2006,0006907,CHECK,$35.00,,$10451.34
05/22/2006,0006888,CHECK,$100.00,,$10351.34
05/22/2006,0006913,CHECK,$131.51,,$10219.83
05/22/2006,0006911,CHECK,$177.00,,$10042.83
05/23/2006,0006889,CHECK,$20.00,,$10022.83
05/26/2006,,STATE FARM RO 27SFPP,$460.77,,$9562.06
05/30/2006,0006920,AMERICAN EXPRESSCHECK PYMT,$1011.00,,$8551.06
05/30/2006,,SFWY 1084 PIDGEON HILL,$40.00,,$8511.06
05/31/2006,0006915,CHECK,$9.19,,$8501.87
05/31/2006,0006921,CHECK,$44.75,,$8457.12
05/31/2006,0006914,CHECK,$606.40,,$7850.72
06/01/2006,,ITT ADVANCED ENGPAYROLL,,$3447.16,$11297.88
06/01/2006,0006927,CHECK,$17.50,,$11280.38
06/01/2006,0006924,CHECK,$69.63,,$11210.75
06/01/2006,0006917,CHECK,$85.00,,$11125.75
06/01/2006,0006891,CHECK,$460.00,,$10665.75
06/02/2006,0006925,CHECK,$40.00,,$10625.75
06/02/2006,0006918,CHECK,$828.00,,$9797.75
06/05/2006,,DEPOSIT,,$1589.40,$11387.15
06/05/2006,0006883,CHECK,$15.00,,$11372.15
06/05/2006,0006919,CHECK,$29.50,,$11342.65
06/06/2006,0006919,CHECK,$29.50,,$11313.15
06/06/2006,0006923,CHECK,$120.00,,$11193.15
06/07/2006,,REVERSE PAID ITEM,,$29.50,$11222.65
06/07/2006,0006922,CHECK,$40.00,,$11182.65
06/07/2006,0006892,CHECK,$850.00,,$10332.65
06/07/2006,0006916,CHECK,$850.00,,$9482.65
06/08/2006,0006931,CHECK,$509.00,,$8973.65
06/12/2006,,PLAZA AMERICA #1,$40.00,,$8933.65
06/12/2006,,POTOMAC RUN 2,$40.00,,$8893.65
06/12/2006,,PLAZA AMERICA #1,$60.00,,$8833.65
06/13/2006,0006901,CHECK,$60.00,,$8773.65
06/14/2006,0006934,CHECK,$7.30,,$8766.35
06/15/2006,,ITT ADVANCED ENGPAYROLL,,$3552.58,$12318.93
06/15/2006,0006899,CHECK,$44.00,,$12274.93
06/15/2006,0006937,CHECK,$106.25,,$12168.68
06/16/2006,0006938,CHECK,$71.99,,$12096.69
06/16/2006,0006880,CHECK,$40.00,,$12056.69
06/19/2006,0006942,WASH GAS UTILITYCHECKPAYMT,$47.00,,$12009.69
06/19/2006,0006943,DOM VA NC POWER BILLPYMT,$81.00,,$11928.69
06/19/2006,0006945,CHECK,$50.00,,$11878.69
06/19/2006,0006944,CHECK,$86.60,,$11792.09
06/20/2006,,INTEREST PAYMENT,,$0.88,$11792.97
06/20/2006,0006941,CHECK,$65.00,,$11727.97
Date,Check Number,Description,Debit,Credit,Running Balance

06/21/2006,,SHOPPERS FOOD /,$0.54,,$11727.43
06/21/2006,,SHELL OIL  24542,$69.20,,$11658.23
06/21/2006,0006940,CHECK,$39.00,,$11619.23
06/21/2006,0006935,CHECK,$410.00,,$11209.23
06/22/2006,,DEPOSIT,,$589.65,$11798.88
06/22/2006,,COUNTRYSIDE,$40.00,,$11758.88
06/22/2006,0006864,CHECK,$50.00,,$11708.88
06/22/2006,0006947,CHECK,$96.65,,$11612.23
06/22/2006,0006928,CHECK,$400.00,,$11212.23
06/23/2006,0006948,CHECK,$276.00,,$10936.23
06/26/2006,0006950,AMERICAN EXPRESSCHECK PYMT,$2129.00,,$8807.23
06/26/2006,,COUNTRYSIDE,$140.00,,$8667.23
06/26/2006,0006952,CHECK,$23.19,,$8644.04
06/27/2006,,STATE FARM RO 27SFPP,$342.06,,$8301.98
06/27/2006,0006939,CHECK,$89.00,,$8212.98
06/29/2006,,ITT ADVANCED ENGPAYROLL,,$3335.91,$11548.89
06/29/2006,0006955,CHECK,$100.00,,$11448.89
07/03/2006,,DEPOSIT,,$426.40,$11875.29
07/03/2006,0006956,CHECK,$62.95,,$11812.34
07/05/2006,0006959,CHECK,$138.00,,$11674.34
07/06/2006,0006963,CHECK,$25.00,,$11649.34
07/06/2006,0006962,CHECK,$120.48,,$11528.86
07/06/2006,0006961,CHECK,$280.00,,$11248.86
07/07/2006,0006960,CHECK,$369.00,,$10879.86
07/07/2006,0006949,CHECK,$520.00,,$10359.86
07/12/2006,0006964,CHECK,$35.35,,$10324.51
07/13/2006,,ITT ADVANCED ENGPAYROLL,,$3162.46,$13486.97
07/13/2006,,POTOMAC RUN 2,$20.00,,$13466.97
07/13/2006,,FTD*SONORA FLORI,$48.49,,$13418.48
07/13/2006,0006953,CHECK,$340.00,,$13078.48
07/14/2006,0006957,CHECK,$200.00,,$12878.48
07/18/2006,0006968,WASH GAS UTILITYCHECKPAYMT,$35.00,,$12843.48
07/18/2006,0006969,DOM VA NC POWER BILLPYMT,$131.00,,$12712.48
07/18/2006,6971,AMERICAN EXPRESSCHECK PYMT,$2562.00,,$10150.48
07/19/2006,0006967,CHECK,$15.00,,$10135.48
07/19/2006,0006966,CHECK,$450.00,,$9685.48
07/20/2006,0006970,CHECK,$76.74,,$9608.74
07/21/2006,,INTEREST PAYMENT,,$0.92,$9609.66
07/21/2006,0006951,CHECK,$850.00,,$8759.66
07/21/2006,0006954,CHECK,$850.00,,$7909.66
Date,Check Number,Description,Debit,Credit,Running Balance

07/24/2006,0006972,CHECK,$91.18,,$7818.48
07/24/2006,0006930,CHECK,$520.00,,$7298.48
07/26/2006,,STATE FARM RO 27SFPP,$342.06,,$6956.42
07/26/2006,0006976,CHECK,$300.00,,$6656.42
07/27/2006,,ITT ADVANCED ENGPAYROLL,,$3162.47,$9818.89
07/27/2006,0006932,CHECK,$88.00,,$9730.89
07/27/2006,0006975,CHECK,$122.73,,$9608.16
07/31/2006,,DEPOSIT,,$60.00,$9668.16
07/31/2006,0006982,CHASE           CHECK PYMT,$981.00,,$8687.16
08/01/2006,0006979,CHECK,$118.00,,$8569.16
08/01/2006,0006958,CHECK,$200.00,,$8369.16
08/02/2006,,DEPOSIT,,$1995.00,$10364.16
08/02/2006,0006980,CHECK,$198.00,,$10166.16
08/02/2006,0006977,CHECK,$460.00,,$9706.16
08/04/2006,0006981,CHECK,$20.00,,$9686.16
08/04/2006,0006983,CHECK,$53.34,,$9632.82
08/04/2006,0006984,CHECK,$60.90,,$9571.92
08/07/2006,,POTOMAC RUN 1,$240.00,,$9331.92
08/07/2006,0006965,CHECK,$850.00,,$8481.92
08/07/2006,0006978,CHECK,$850.00,,$7631.92
08/08/2006,0006946,CHECK,$60.00,,$7571.92
08/08/2006,0006987,CHECK,$60.00,,$7511.92
08/08/2006,0006986,CHECK,$200.00,,$7311.92
08/10/2006,,OTHER ATM NETWORK FEE,$2.00,,$7309.92
08/10/2006,,ITT ADVANCED ENGPAYROLL,,$3162.46,$10472.38
08/10/2006,,CICI'S PIZ,$201.50,,$10270.88
08/10/2006,0006929,CHECK,$20.00,,$10250.88
08/10/2006,0006988,CHECK,$270.00,,$9980.88
08/14/2006,,OTHER ATM NETWORK FEE,$2.00,,$9978.88
08/14/2006,,5/3 BK C. OH OF,$402.50,,$9576.38
08/14/2006,0006989,CHECK,$81.00,,$9495.38
08/15/2006,0006999,CHECK,$13.87,,$9481.51
08/15/2006,0006991,CHECK,$25.00,,$9456.51
08/17/2006,0006994,WASH GAS UTILITYCHECKPAYMT,$38.00,,$9418.51
08/17/2006,0006995,DOM VA NC POWER BILLPYMT,$185.00,,$9233.51
08/17/2006,,COUNTRYSIDE,$100.00,,$9133.51
08/17/2006,0006974,CHECK,$9.95,,$9123.56
08/17/2006,0006998,CHECK,$128.00,,$8995.56
08/18/2006,,DEPOSIT,,$1108.00,$10103.56
08/18/2006,,SHOPPERS FOOD/PHARM 26,$93.98,,$10009.58
08/18/2006,0006997,CHECK,$15.00,,$9994.58
08/18/2006,0007000,CHECK,$150.00,,$9844.58
08/21/2006,,INTEREST PAYMENT,,$0.76,$9845.34
08/21/2006,0007003,AMERICAN EXPRESSCHECK PYMT,$1466.00,,$8379.34
08/21/2006,0006996,CHECK,$151.00,,$8228.34
Date,Check Number,Description,Debit,Credit,Running Balance

08/22/2006,0007002,CHECK,$58.92,,$8169.42
08/23/2006,0007004,CHECK,$353.06,,$7816.36
08/23/2006,0006992,CHECK,$450.00,,$7366.36
08/24/2006,,ITT ADVANCED ENGPAYROLL,,$3162.46,$10528.82
08/24/2006,,DEPOSITED ITEM RETURNED,$198.00,,$10330.82
08/24/2006,,DEPOSITED ITEM RETURNED FEE,$6.50,,$10324.32
08/24/2006,0006933,CHECK,$80.00,,$10244.32
08/24/2006,0007001,CHECK,$100.00,,$10144.32
08/25/2006,0007005,CHECK,$41.34,,$10102.98
08/28/2006,,STATE FARM RO 27SFPP,$342.06,,$9760.92
08/28/2006,,WORLDGATE CENTER,$60.00,,$9700.92
08/29/2006,,WORLDGATE CENTER,$40.00,,$9660.92
08/29/2006,0007009,CHECK,$62.74,,$9598.18
08/29/2006,0007015,CHECK,$85.00,,$9513.18
08/29/2006,0007008,CHECK,$35.84,,$9477.34
08/29/2006,0007006,CHECK,$39.00,,$9438.34
08/29/2006,0006985,CHECK,$198.00,,$9240.34
08/30/2006,,SHOPPERS FOOD/PHARM 26,$31.24,,$9209.10
08/30/2006,0007007,CHECK,$240.00,,$8969.10
08/31/2006,0007014,CHASE           CHECK PYMT,$803.00,,$8166.10
08/31/2006,0007011,CHECK,$31.51,,$8134.59
09/05/2006,0007018,CHECK,$44.37,,$8090.22
09/06/2006,0007010,CHECK,$20.00,,$8070.22
09/07/2006,,ITT ADVANCED ENGPAYROLL,,$3303.04,$11373.26
09/07/2006,0007019,CHECK,$48.83,,$11324.43
09/11/2006,,POTOMAC RUN 2,$40.00,,$11284.43
09/11/2006,0007021,CHECK,$58.62,,$11225.81
09/12/2006,0007022,CHECK,$134.23,,$11091.58
09/13/2006,0007020,CHECK,$13.28,,$11078.30
09/13/2006,0007032,CHECK,$100.00,,$10978.30
09/14/2006,0007027,WASH GAS UTILITYCHECKPAYMT,$28.00,,$10950.30
09/14/2006,0007028,DOM VA NC POWER BILLPYMT,$134.00,,$10816.30
09/14/2006,0007024,CHECK,$270.00,,$10546.30
09/15/2006,0007026,CHECK,$64.00,,$10482.30
09/15/2006,0007030,CHECK,$1047.00,,$9435.30
09/18/2006,0007036,CHECK,$19.99,,$9415.31
09/18/2006,0006993,CHECK,$850.00,,$8565.31
09/18/2006,0007013,CHECK,$850.00,,$7715.31
09/19/2006,,DEPOSIT,,$219.26,$7934.57
09/19/2006,0007038,CHECK,$105.87,,$7828.70
09/20/2006,,INTEREST PAYMENT,,$0.77,$7829.47
09/20/2006,,WORLDGATE CENTER,$40.00,,$7789.47
09/20/2006,0007029,CHECK,$15.00,,$7774.47
09/20/2006,0007012,CHECK,$450.00,,$7324.47
09/20/2006,0007025,CHECK,$480.00,,$6844.47
Date,Check Number,Description,Debit,Credit,Running Balance

09/21/2006,,ITT ADVANCED ENGPAYROLL,,$3162.47,$10006.94
09/21/2006,0007034,CHECK,$35.00,,$9971.94
09/22/2006,,POTOMAC RUN 2,$40.00,,$9931.94
09/22/2006,0007033,CHECK,$25.00,,$9906.94
09/25/2006,0007031,CHECK,$16.00,,$9890.94
09/25/2006,0007043,CHECK,$83.00,,$9807.94
09/25/2006,0007045,CHECK,$16.78,,$9791.16
09/26/2006,,STATE FARM RO 27SFPP,$342.06,,$9449.10
09/26/2006,0007044,CHASE CHECK PYMT,$1037.00,,$8412.10
09/26/2006,,HERNDON SAFEWAY,$40.00,,$8372.10
09/26/2006,0007046,CHECK,$61.82,,$8310.28
09/28/2006,0007047,CHECK,$150.00,,$8160.28
09/29/2006,0007042,CHECK,$77.61,,$8082.67
10/02/2006,0007048,CHECK,$16.74,,$8065.93
10/03/2006,0007049,CHECK,$270.75,,$7795.18
10/03/2006,0007023,CHECK,$850.00,,$6945.18
10/03/2006,0007041,CHECK,$850.00,,$6095.18
10/04/2006,0007039,CHECK,$200.00,,$5895.18
10/05/2006,,ITT ADVANCED ENGPAYROLL,,$8932.58,$14827.76
10/05/2006,0007050,CHECK,$63.93,,$14763.83
10/10/2006,,POTOMAC RUN 2,$200.00,,$14563.83
10/11/2006,0007058,CHECK,$24.00,,$14539.83
10/11/2006,0007040,CHECK,$15.25,,$14524.58
10/12/2006,0007056,WASH GAS UTILITYCHECKPAYMT,$40.00,,$14484.58
10/12/2006,,HUNTERS WOODS SAFEWAY 2,$40.00,,$14444.58
10/12/2006,0007035,CHECK,$215.00,,$14229.58
10/12/2006,0007052,CHECK,$270.00,,$13959.58
10/13/2006,0007055,CHECK,$64.00,,$13895.58
10/16/2006,0007057,CHECK,$15.00,,$13880.58
10/16/2006,0007059,CHECK,$120.43,,$13760.15
10/18/2006,0007061,CHECK,$50.00,,$13710.15
10/20/2006,,INTEREST PAYMENT,,$0.95,$13711.10
10/20/2006,0007051,CHECK,$400.00,,$13311.10
Date,Check Number,Description,Debit,Credit,Running Balance

10/23/2006,,COUNTRYSIDE,$40.00,,$13271.10
10/23/2006,0007062,CHECK,$997.00,,$12274.10
10/24/2006,0007017,CHECK,$28.00,,$12246.10
10/24/2006,0007054,CHECK,$1350.00,,$10896.10
10/26/2006,,STATE FARM RO 27SFPP,$324.73,,$10571.37
10/26/2006,0007065,CHECK,$32.00,,$10539.37
10/26/2006,0007053,CHECK,$1700.00,,$8839.37
10/27/2006,0007064,CHASE CHECK PYMT,$3197.00,,$5642.37
10/31/2006,,FIDELITY EMP SVCZETA,,$8374.68,$14017.05
11/03/2006,0007067,CHECK,$160.00,,$13857.05
11/07/2006,0007066,CHECK,$10.00,,$13847.05
11/07/2006,0007063,CHECK,$200.00,,$13647.05
11/07/2006,0007068,CHECK,$509.96,,$13137.09
11/08/2006,,DEPOSIT,,$1117.40,$14254.49
11/08/2006,0007074,VZ WIRELESS ARC ARC,$83.00,,$14171.49
11/08/2006,0007072,DOM VA NC POWER BILLPYMT,$250.00,,$13921.49
11/08/2006,0007071,CHECK,$300.00,,$13621.49
11/08/2006,0007069,CHECK,$1135.00,,$12486.49
11/09/2006,,DEPOSIT,,$100.00,$12586.49
11/09/2006,0007075,CHECK,$40.00,,$12546.49
11/10/2006,0007076,CHECK,$15.00,,$12531.49
11/10/2006,0007073,CHECK,$155.00,,$12376.49
11/13/2006,,POTOMAC RUN 1,$60.00,,$12316.49
11/14/2006,0007037,CHECK,$20.00,,$12296.49
11/15/2006,0007080,CHECK,$30.00,,$12266.49
11/17/2006,,INTEREST PAYMENT,,$0.89,$12267.38
11/17/2006,0007079,CHECK,$600.00,,$11667.38
Date,Check Number,Description,Debit,Credit,Running Balance

11/20/2006,,DIRECT CHECKS   CK ORDER,$44.10,,$11623.28
11/20/2006,,HUNTERS WOODS SAFEWAY,$40.00,,$11583.28
11/20/2006,0007077,CHECK,$100.00,,$11483.28
11/21/2006,0007081,WASH GAS UTILITY CHECKPAYMT,$73.00,,$11410.28
11/21/2006,0007083,CHECK,$731.00,,$10679.28
11/21/2006,0007070,CHECK,$1700.00,,$8979.28
11/22/2006,0007082,CHECK,$65.00,,$8914.28
11/24/2006,,SHOPPERS FOOD/PHARM 26,$7.49,,$8906.79
11/27/2006,0007085,CHASE CHECK PYMT,$1463.00,,$7443.79
11/27/2006,,COUNTRYSIDE,$60.00,,$7383.79
11/27/2006,0007084,CHECK,$160.00,,$7223.79
11/28/2006,0007086,VZ WIRELESS ARC ARC,$85.00,,$7138.79
11/28/2006,,STATE FARM RO 27SFPP,$168.76,,$6970.03
11/30/2006,,FIDELITY EMP SVCZETA,,$8352.97,$15323.00
12/04/2006,,POTOMAC RUN 1,$60.00,,$15263.00
12/05/2006,0007091,DOM VA NC POWER BILLPYMT,$90.00,,$15173.00
12/05/2006,0007090,CHASE           CHECK PYMT,$3665.00,,$11508.00
12/05/2006,0007092,CHECK,$300.00,,$11208.00
12/07/2006,,POTOMAC RUN 1,$120.00,,$11088.00
12/07/2006,0007093,CHECK,$60.00,,$11028.00
12/08/2006,,DEPOSIT,,$1500.00,$12528.00
12/08/2006,0007095,CHECK,$21.00,,$12507.00
12/11/2006,0007094,CHECK,$590.00,,$11917.00
12/12/2006,0007097,CHECK,$20.24,,$11896.76
12/13/2006,0007100,WASH GAS UTILITYCHECKPAYMT,$146.00,,$11750.76
12/13/2006,0007096,CHECK,$20.00,,$11730.76
12/13/2006,0007087,CHECK,$400.00,,$11330.76
12/13/2006,0007088,CHECK,$1135.00,,$10195.76
12/14/2006,,ITT ADVANCED ENGPAYROLL,,$40.00,$10235.76
12/14/2006,0007099,CHECK,$64.00,,$10171.76
12/15/2006,0007101,CHECK,$15.00,,$10156.76
12/15/2006,0007104,CHECK,$200.00,,$9956.76
12/19/2006,,INTEREST PAYMENT,,$0.96,$9957.72
12/19/2006,,COUNTRYSIDE,$200.00,,$9757.72
Date,Check Number,Description,Debit,Credit,Running Balance

12/20/2006,0007098,CHECK,$31.50,,$9726.22
12/20/2006,0007089,CHECK,$1700.00,,$8026.22
12/21/2006,0007102,CHECK,$200.00,,$7826.22
12/22/2006,0007103,CHECK,$156.32,,$7669.90
12/22/2006,0007106,CHECK,$190.00,,$7479.90
12/26/2006,0007105,CHECK,$970.00,,$6509.90
12/27/2006,,STATE FARM RO 27SFPP,$314.86,,$6195.04
12/28/2006,0007107,CHECK,$77.61,,$6117.43
12/29/2006,,FIDELITY EMP SVCZETA,,$8045.68,$14163.11
12/29/2006,,FAIRFAX CITY,$60.00,,$14103.11
01/02/2007,,DEPOSIT,,$213.00,$14316.11
01/02/2007,,SFWY 1084 PIDGEON HILL,$60.00,,$14256.11
01/02/2007,0007109,CHECK,$272.86,,$13983.25
01/03/2007,0007111,CHECK,$1085.00,,$12898.25
01/04/2007,0007117,WAL-MART 7 ECA  PURCHASE,$89.52,,$12808.73
01/05/2007,0007114,DOM VA NC POWER BILLPYMT,$108.00,,$12700.73
01/05/2007,0007116,CHECK,$31.50,,$12669.23
01/05/2007,0007118,CHECK,$46.23,,$12623.00
01/05/2007,0007115,CHECK,$270.00,,$12353.00
01/08/2007,0007113,CHASE           CHECK PYMT,$50.00,,$12303.00
01/08/2007,0007112,VZ WIRELESS ARC ARC,$87.00,,$12216.00
01/08/2007,,POTOMAC RUN 2,$60.00,,$12156.00
01/10/2007,0007121,CHECK,$500.00,,$11656.00
01/11/2007,0007120,CHASE           CHECK PYMT,$3555.00,,$8101.00
01/12/2007,,DEPOSIT,,$272.07,$8373.07
01/18/2007,0007124,CHECK,$160.00,,$8213.07
01/19/2007,,INTEREST PAYMENT,,$0.84,$8213.91
01/19/2007,0007125,WASH GAS UTILITYCHECKPAYMT,$162.00,,$8051.91
01/19/2007,0007060,CHECK,$55.00,,$7996.91
01/19/2007,0007126,CHECK,$65.00,,$7931.91
01/19/2007,0007119,CHECK,$200.00,,$7731.91
01/19/2007,0007127,CHECK,$1126.00,,$6605.91
Date,Check Number,Description,Debit,Credit,Running Balance

01/22/2007,,DEPOSIT,,$500.00,$7105.91
01/24/2007,0007133,WATSON SALSBURY EFT,$20.00,,$7085.91
01/24/2007,0007134,CHECK,$5.20,,$7080.71
01/24/2007,0007128,CHECK,$15.00,,$7065.71
01/24/2007,0007108,CHECK,$150.00,,$6915.71
01/25/2007,0007123,CHECK,$80.00,,$6835.71
01/26/2007,,STATE FARM RO 27SFPP,$295.46,,$6540.25
01/26/2007,,POTOMAC RUN 2,$200.00,,$6340.25
01/30/2007,0007129,CHECK,$5.00,,$6335.25
01/30/2007,0007110,CHECK,$1700.00,,$4635.25
01/31/2007,,FIDELITY EMP SVCZETA,,$8723.69,$13358.94
02/02/2007,,DRANESVILLE AUTO,$342.54,,$13016.40
02/05/2007,0007135,CHASE           CHECK PYMT,$66.00,,$12950.40
02/05/2007,0007136,VZ WIRELESS ARC ARC,$87.00,,$12863.40
02/05/2007,,SHOPPERS FOOD/PHARM 26,$43.00,,$12820.40
02/08/2007,,STERLING SAFEWAY,$60.00,,$12760.40
02/08/2007,0007138,CHECK,$22.80,,$12737.60
02/08/2007,0007140,CHECK,$100.00,,$12637.60
02/13/2007,0007122,CHECK,$11.50,,$12626.10
02/13/2007,0007137,CHECK,$60.00,,$12566.10
02/13/2007,0007141,CHECK,$185.00,,$12381.10
02/13/2007,0007142,CHECK,$202.61,,$12178.49
02/14/2007,0007143,DOM VA NC POWER BILLPYMT,$95.00,,$12083.49
02/14/2007,0007146,WASH GAS UTILITYCHECKPAYMT,$216.00,,$11867.49
02/14/2007,0007145,CHECK,$300.00,,$11567.49
02/14/2007,0007151,CHECK,$1187.00,,$10380.49
02/15/2007,0007150,CHASE           CHECK PYMT,$1907.00,,$8473.49
02/15/2007,0007148,CHECK,$169.00,,$8304.49
02/16/2007,,INTEREST PAYMENT,,$0.76,$8305.25
02/16/2007,,POTOMAC RUN 2,$100.00,,$8205.25
02/16/2007,0007144,CHECK,$15.00,,$8190.25
Date,Check Number,Description,Debit,Credit,Running Balance

02/20/2007,0007147,CHECK,$62.00,,$8128.25
02/20/2007,0007152,CHECK,$100.00,,$8028.25
02/20/2007,0007160,CHECK,$281.92,,$7746.33
02/21/2007,0007131,CHECK,$189.00,,$7557.33
02/21/2007,0007139,CHECK,$189.00,,$7368.33
02/21/2007,0007149,CHECK,$1186.00,,$6182.33
02/22/2007,0007153,CHECK,$83.63,,$6098.70
02/26/2007,,COUNTRYSIDE,$60.00,,$6038.70
02/26/2007,0007155,CHECK,$50.84,,$5987.86
02/27/2007,,STATE FARM RO 27SFPP,$295.46,,$5692.40
02/28/2007,,FIDELITY EMP SVCZETA,,$7770.85,$13463.25
03/02/2007,,OTHER ATM NETWORK FEE,$2.00,,$13461.25
03/02/2007,,PROVIDENT BANK,$102.00,,$13359.25
03/02/2007,0007130,CHECK,$20.00,,$13339.25
03/02/2007,0007154,CHECK,$400.00,,$12939.25
03/05/2007,0007163,CHASE           CHECK PYMT,$51.00,,$12888.25
03/05/2007,0007162,VZ WIRELESS ARC ARC,$118.00,,$12770.25
03/05/2007,0007164,CHASE           CHECK PYMT,$2000.00,,$10770.25
03/05/2007,,POTOMAC RUN 1,$180.00,,$10590.25
03/05/2007,,SOU GIANT FOOD INC 431,$40.48,,$10549.77
03/06/2007,0007161,DOM VA NC POWER BILLPYMT,$106.00,,$10443.77
03/06/2007,0007165,CHECK,$350.00,,$10093.77
03/07/2007,0007158,CHECK,$1032.00,,$9061.77
03/09/2007,0007157,CHECK,$110.00,,$8951.77
03/12/2007,,SOU GIANT FOOD INC 760,$15.59,,$8936.18
03/12/2007,0007167,CHECK,$12.00,,$8924.18
03/12/2007,0007156,CHECK,$116.00,,$8808.18
03/13/2007,0007172,CHECK,$14.00,,$8794.18
03/15/2007,,POTOMAC RUN 1,$200.00,,$8594.18
03/15/2007,0007170,CHECK,$135.00,,$8459.18
03/16/2007,,SOU USPS 5185889551260,$14.04,,$8445.14
03/16/2007,0007173,CHECK,$19.13,,$8426.01
03/16/2007,0007176,CHECK,$20.00,,$8406.01
03/19/2007,,SHOPPERS FOOD/PHARM 26,$16.77,,$8389.24
03/19/2007,0007171,CHECK,$80.00,,$8309.24
03/20/2007,0007177,CHECK,$35.23,,$8274.01
03/20/2007,0007159,CHECK,$1700.00,,$6574.01
03/21/2007,,INTEREST PAYMENT,,$0.79,$6574.80
03/21/2007,0007174,CHECK,$23.44,,$6551.36
Date,Check Number,Description,Debit,Credit,Running Balance

03/22/2007,0007184,VZ WIRELESS ARC ARC,$90.00,,$6461.36
03/22/2007,0007179,WASH GAS UTILITYCHECKPAYMT,$242.00,,$6219.36
03/23/2007,,DEPOSIT,,$42.50,$6261.86
03/23/2007,,POTOMAC RUN 2,$100.00,,$6161.86
03/23/2007,0007178,CHECK,$5.62,,$6156.24
03/23/2007,0007180,CHECK,$62.00,,$6094.24
03/23/2007,0007183,CHECK,$1028.00,,$5066.24
03/26/2007,,VA DEPT TAXATIONDD REFUND,,$311.00,$5377.24
03/26/2007,,DEPOSIT,,$185.00,$5562.24
03/26/2007,0007188,WAL-MART 7 ECA  PURCHASE,$14.97,,$5547.27
03/26/2007,0007189,WAL-MART 7 ECA  PURCHASE,$62.21,,$5485.06
03/26/2007,0007182,CHECK,$15.00,,$5470.06
03/26/2007,0007181,CHECK,$78.12,,$5391.94
03/27/2007,,STATE FARM RO 27SFPP,$295.46,,$5096.48
03/27/2007,0007187,CHECK,$35.00,,$5061.48
03/28/2007,0007169,CHECK,$90.00,,$4971.48
03/28/2007,0007168,CHECK,$168.00,,$4803.48
03/29/2007,0007190,CHECK,$30.00,,$4773.48
03/30/2007,,FIDELITY EMP SVCZETA,,$8406.09,$13179.57
03/30/2007,,POTOMAC RUN 1,$100.00,,$13079.57
03/30/2007,,SHOPPERS FOOD/PHARM 26,$52.56,,$13027.01
04/04/2007,7197,DOM VA NC POWER BILLPYMT,$95.00,,$12932.01
04/04/2007,0007194,CHECK,$300.00,,$12632.01
04/05/2007,0007195,CHASE           CHECK PYMT,$50.00,,$12582.01
04/05/2007,0007203,WAL-MART 7 ECA  PURCHASE,$60.45,,$12521.56
04/05/2007,7196,CHASE           CHECK PYMT,$1910.00,,$10611.56
04/05/2007,0007198,CHECK,$53.04,,$10558.52
04/06/2007,,US TREASURY 220 TAX REFUND,,$5266.00,$15824.52
04/06/2007,0007202,CHECK,$60.00,,$15764.52
04/06/2007,0007199,CHECK,$143.92,,$15620.60
04/10/2007,,DEPOSIT,,$246.00,$15866.60
04/10/2007,,FAIRFAX CITY,$40.00,,$15826.60
04/10/2007,0007192,CHECK,$1050.00,,$14776.60
04/10/2007,0007193,CHECK,$1700.00,,$13076.60
04/10/2007,0007209,CHECK,$300.00,,$12776.60
04/12/2007,0007208,CHECK,$125.00,,$12651.60
04/13/2007,0007185,CHECK,$64.00,,$12587.60
04/16/2007,0007205,CHECK,$10.00,,$12577.60
04/17/2007,,SHOPPERS FOOD/PHARM 26,$27.61,,$12549.99
04/17/2007,0007206,CHECK,$30.00,,$12519.99
04/18/2007,,INTEREST PAYMENT,,$0.84,$12520.83
Date,Check Number,Description,Debit,Credit,Running Balance

04/19/2007,0007213,Wash Gas UtilityCHECK PYMT,$142.00,,$12378.83
04/19/2007,0007212,CHECK,$62.00,,$12316.83
04/19/2007,0007215,CHECK,$880.00,,$11436.83
04/20/2007,0007204,CHECK,$100.00,,$11336.83
04/20/2007,0007214,CHECK,$15.00,,$11321.83
04/23/2007,0007216,CHECK,$80.00,,$11241.83
04/23/2007,0007210,CHECK,$277.19,,$10964.64
04/23/2007,0007211,CHECK,$500.00,,$10464.64
04/24/2007,0007218,CHECK,$40.00,,$10424.64
04/24/2007,0007191,CHECK,$67.00,,$10357.64
04/25/2007,0007186,CHECK,$40.00,,$10317.64
04/25/2007,0007207,CHECK,$400.00,,$9917.64
04/25/2007,0007132,CHECK,$668.00,,$9249.64
04/26/2007,,STATE FARM RO 27SFPP,$295.46,,$8954.18
04/26/2007,0007219,CHECK,$17.95,,$8936.23
04/26/2007,0007200,CHECK,$52.00,,$8884.23
04/26/2007,0007201,CHECK,$67.00,,$8817.23
04/27/2007,,DEPOSIT,,$215.00,$9032.23
04/27/2007,,POTOMAC RUN 1,$60.00,,$8972.23
04/27/2007,0007221,CHECK,$46.90,,$8925.33
04/30/2007,,FIDELITY EMP SVCZETA,,$8088.46,$17013.79
05/02/2007,0007222,CHASE           CHECK PYMT,$50.00,,$16963.79
05/02/2007,0007223,CHASE           CHECK PYMT,$3564.00,,$13399.79
05/03/2007,0007224,VZ WIRELESS ARC ARC,$96.00,,$13303.79
05/04/2007,0007227,CHECK,$25.08,,$13278.71
05/07/2007,,SHOPPERS FOOD/PHARM 26,$27.24,,$13251.47
05/09/2007,0007231,DOM VA NC POWER BILLPYMT,$98.00,,$13153.47
05/09/2007,,SHOPPERS FOOD/PHARM 26,$24.47,,$13129.00
05/09/2007,0007233,CHECK,$300.00,,$12829.00
05/10/2007,0007234,CHECK,$23.00,,$12806.00
05/10/2007,0007236,CHECK,$95.00,,$12711.00
05/10/2007,0007232,CHECK,$160.00,,$12551.00
05/10/2007,0007235,CHECK,$345.00,,$12206.00
05/11/2007,,SHOPPERS FOOD/PHARM 26,$14.42,,$12191.58
05/11/2007,0007238,CHECK,$26.00,,$12165.58
05/11/2007,0007237,CHECK,$50.00,,$12115.58
05/14/2007,,PLAZA AMERICA #1,$60.00,,$12055.58
05/14/2007,0007230,CHECK,$15.00,,$12040.58
05/14/2007,0007166,CHECK,$61.95,,$11978.63
05/15/2007,0007228,CHECK,$1100.00,,$10878.63
05/16/2007,0007242,Wash Gas UtilityCHECK PYMT,$122.00,,$10756.63
05/16/2007,0007229,CHECK,$1700.00,,$9056.63
05/17/2007,0007240,CHECK,$40.00,,$9016.63
05/17/2007,0007243,CHECK,$61.00,,$8955.63
05/18/2007,,INTEREST PAYMENT,,$0.96,$8956.59
05/18/2007,,DEPOSIT,,$955.00,$9911.59
05/18/2007,,POTOMAC RUN 1,$40.00,,$9871.59
Date,Check Number,Description,Debit,Credit,Running Balance

05/21/2007,0007226,CHECK,$50.00,,$9821.59
05/22/2007,0007248,CHECK,$75.00,,$9746.59
05/22/2007,0007241,CHECK,$80.00,,$9666.59
05/22/2007,0007246,CHECK,$95.24,,$9571.35
05/23/2007,0007249,CHECK,$130.00,,$9441.35
05/24/2007,,SAFEWAY #1084,$100.00,,$9341.35
05/29/2007,,STATE FARM RO 27SFPP,$295.46,,$9045.89
05/31/2007,,FIDELITY EMP SVCZETA,,$8723.68,$17769.57
06/04/2007,0007244,CHECK,$700.00,,$17069.57
06/06/2007,,FAIR OAKS,$20.00,,$17049.57
06/07/2007,0007255,CHECK,$40.00,,$17009.57
06/08/2007,0007254,DOM VA NC POWER BILLPYMT,$101.00,,$16908.57
06/08/2007,0007257,VZ WIRELESS ARC ARC,$101.00,,$16807.57
06/08/2007,0007259,CHECK,$525.00,,$16282.57
06/11/2007,0007252,CHASE           CHECK PYMT,$50.00,,$16232.57
06/11/2007,0007258,CHASE           CHECK PYMT,$1473.00,,$14759.57
06/11/2007,0007256,CHECK,$40.00,,$14719.57
06/12/2007,0007264,CHECK,$25.00,,$14694.57
06/13/2007,0007261,CHECK,$20.00,,$14674.57
06/13/2007,0007260,CHECK,$38.40,,$14636.17
06/15/2007,0007265,CHECK,$251.00,,$14385.17
06/18/2007,,HERNDON SAFEWAY,$200.00,,$14185.17
06/18/2007,0007263,CHECK,$75.00,,$14110.17
06/18/2007,0007262,CHECK,$100.00,,$14010.17
06/18/2007,0007251,CHECK,$1190.00,,$12820.17
06/20/2007,,INTEREST PAYMENT,,$1.20,$12821.37
06/20/2007,0007271,CHECK,$14.38,,$12806.99
06/20/2007,0007270,CHECK,$80.00,,$12726.99
06/20/2007,0007277,CHECK,$98.00,,$12628.99
06/20/2007,0007272,CHECK,$310.00,,$12318.99
Date,Check Number,Description,Debit,Credit,Running Balance

06/21/2007,0007275,Wash Gas UtilityCHECK PYMT,$58.00,,$12260.99
06/21/2007,0007268,CHECK,$25.00,,$12235.99
06/21/2007,0007276,CHECK,$61.00,,$12174.99
06/21/2007,0007280,CHECK,$1340.00,,$10834.99
06/22/2007,0007283,CHECK,$50.00,,$10784.99
06/22/2007,0007281,CHECK,$100.00,,$10684.99
06/22/2007,0007274,CHECK,$157.00,,$10527.99
06/25/2007,0007284,CHECK,$40.00,,$10487.99
06/25/2007,0007225,CHECK,$95.00,,$10392.99
06/25/2007,0007239,CHECK,$150.00,,$10242.99
06/26/2007,,DEPOSIT,,$281.92,$10524.91
06/26/2007,,STATE FARM RO 27SFPP,$295.46,,$10229.45
06/26/2007,,SAFEWAY  STORE  1570,$9.20,,$10220.25
06/26/2007,,SAFEWAY  STORE  1570,$86.89,,$10133.36
06/26/2007,0007282,CHECK,$20.00,,$10113.36
06/26/2007,0007245,CHECK,$25.00,,$10088.36
06/26/2007,0007266,CHECK,$128.69,,$9959.67
06/26/2007,0007253,CHECK,$1700.00,,$8259.67
06/27/2007,0007286,CHECK,$67.87,,$8191.80
06/27/2007,0007285,CHECK,$100.00,,$8091.80
06/27/2007,0007279,CHECK,$500.00,,$7591.80
06/28/2007,0007267,CHECK,$10.00,,$7581.80
06/28/2007,0007273,CHECK,$40.00,,$7541.80
06/28/2007,0007288,CHECK,$187.81,,$7353.99
06/29/2007,,FIDELITY EMP SVCZETA,,$8088.46,$15442.45
07/02/2007,,DEPOSIT,,$1042.40,$16484.85
07/02/2007,0007296,CHASE           CHECK PYMT,$2046.00,,$14438.85
07/03/2007,0007292,CHASE           CHECK PYMT,$75.00,,$14363.85
07/03/2007,0007293,VZ WIRELESS ARC ARC,$90.00,,$14273.85
07/03/2007,0007294,DOM VA NC POWER BILLPYMT,$154.00,,$14119.85
07/03/2007,,POTOMAC RUN #2,$100.00,,$14019.85
07/03/2007,,SHOPPERS FOOD/PHARM 26,$20.00,,$13999.85
07/03/2007,0007297,CHECK,$280.00,,$13719.85
07/05/2007,,PLAZA AMERICA #1,$60.00,,$13659.85
07/06/2007,0007290,CHECK,$1090.00,,$12569.85
07/09/2007,0007295,CHECK,$86.10,,$12483.75
07/10/2007,0007278,CHECK,$89.00,,$12394.75
07/10/2007,0007289,CHECK,$610.00,,$11784.75
07/10/2007,0007291,CHECK,$1700.00,,$10084.75
07/11/2007,0007287,CHECK,$355.00,,$9729.75
07/13/2007,,GREAT FALLS,$160.00,,$9569.75
07/13/2007,,DULLES VILLAGE CENTER #2,$200.00,,$9369.75
07/16/2007,,PLAZA AMERICA #1,$40.00,,$9329.75
07/17/2007,,SOU GIANT FOOD INC 432,$82.08,,$9247.67
07/17/2007,,TARGET T1874 LEESBURG,$128.30,,$9119.37
07/18/2007,,SHOPPERS FOOD/PHARM 26,$64.10,,$9055.27
07/18/2007,0007303,CHECK,$63.00,,$8992.27
07/19/2007,,INTEREST PAYMENT,,$0.88,$8993.15
07/19/2007,0007300,CHECK,$830.00,,$8163.15
Date,Check Number,Description,Debit,Credit,Running Balance

07/20/2007,,SHOPPERS FOOD /,$20.00,,$8143.15
07/20/2007,0007301,CHECK,$14.00,,$8129.15
07/23/2007,0007305,WAL-MART STORES PURCHASE,$25.00,,$8104.15
07/23/2007,0007302,Wash Gas UtilityCHECK PYMT,$45.00,,$8059.15
07/23/2007,,COUNTRYSIDE,$40.00,,$8019.15
07/23/2007,,ECKERD CORPORATI 46965,$70.00,,$7949.15
07/24/2007,,DIRECT CHECKS   CK ORDER,$27.20,,$7921.95
07/25/2007,,ECKERD CORPORATI 46965,$62.51,,$7859.44
07/25/2007,0007310,CHECK,$69.00,,$7790.44
07/25/2007,0007304,CHECK,$90.00,,$7700.44
07/25/2007,0007220,CHECK,$235.00,,$7465.44
07/26/2007,,STATE FARM RO 27SFPP,$265.44,,$7200.00
07/30/2007,,COUNTRYSIDE,$60.00,,$7140.00
07/31/2007,,FIDELITY EMP SVCZETA,,$8406.08,$15546.08
08/03/2007,0007306,CHASE           CHECK PYMT,$94.00,,$15452.08
08/03/2007,0007308,VZ WIRELESS ARC ARC,$98.00,,$15354.08
08/03/2007,0007307,CHASE           CHECK PYMT,$3537.00,,$11817.08
08/06/2007,,POTOMAC RUN #1,$300.00,,$11517.08
08/06/2007,,MEIJER INC 126 1355 N.,$199.24,,$11317.84
08/07/2007,,VALUE CITY     0156,$53.33,,$11264.51
08/07/2007,0007311,CHECK,$185.00,,$11079.51
08/15/2007,0007269,CHECK,$40.00,,$11039.51
08/16/2007,0007318,CHECK,$100.00,,$10939.51
08/17/2007,,DEPOSIT,,$495.16,$11434.67
08/17/2007,0007316,DOM VA NC POWER BILLPYMT,$149.00,,$11285.67
08/17/2007,,POTOMAC RUN #2,$140.00,,$11145.67
08/20/2007,,POTOMAC RUN #1,$200.00,,$10945.67
08/20/2007,,SOU GIANT FOOD INC 532,$39.88,,$10905.79
08/20/2007,0007315,CHECK,$15.00,,$10890.79
08/20/2007,0007317,CHECK,$19.30,,$10871.49
08/21/2007,,INTEREST PAYMENT,,$0.93,$10872.42
08/21/2007,0007313,CHECK,$292.20,,$10580.22
08/21/2007,0007312,CHECK,$1140.00,,$9440.22
"Date","Check Number","Description","Debit","Credit","Running Balance"
,,,,,
08/22/2007,7324,"CHECK",391.69,,9048.53
08/23/2007,7323,"VZ WIRELESS ARC ARC",86,,8962.53
08/23/2007,7314,"CHECK",195,,8767.53
08/23/2007,7320,"CHECK",1585,,7182.53
08/24/2007,7322,"Wash Gas UtilityCHECK PYMT",38,,7144.53
08/27/2007,,"DEPOSIT",,38,7182.53
08/27/2007,,"DEPOSIT",,1988.25,9170.78
08/27/2007,,"POTOMAC RUN #2",120,,9050.78
08/27/2007,7321,"CHECK",62,,8988.78
08/28/2007,,"STATE FARM RO 27SFPP",265.44,,8723.34
08/28/2007,7299,"CHECK",305,,8418.34
08/29/2007,7309,"CHECK",1700,,6718.34
08/30/2007,7327,"CHECK",400,,6318.34
08/31/2007,,"FIDELITY EMP SVCZETA",,8723.69,15042.03
09/04/2007,7331,"CHASE           CHECK PYMT",67,,14975.03
09/04/2007,7334,"CHASE           CHECK PYMT",3122,,11853.03
09/05/2007,7332,"DOM VA NC POWER BILLPYMT",131,,11722.03
09/05/2007,,"SOU GIANT FOOD INC 731",69.3,,11652.73
09/05/2007,7328,"CHECK",26,,11626.73
09/05/2007,7325,"CHECK",36,,11590.73
09/05/2007,7335,"CHECK",151.31,,11439.42
09/05/2007,7333,"CHECK",300,,11139.42
09/06/2007,,"DEPOSIT",,336.4,11475.82
09/06/2007,,"POTOMAC RUN #2",140,,11335.82
09/06/2007,7330,"CHECK",1700,,9635.82
09/07/2007,7336,"WATSONSALSBURYHEPURCHASE",10,,9625.82
09/07/2007,,"BAJA FRESH MEX G",11.55,,9614.27
09/10/2007,7329,"CHECK",1190,,8424.27
09/11/2007,,"BLOOM #2712",34.75,,8389.52
09/12/2007,7339,"CHECK",28.94,,8360.58
09/13/2007,7337,"CHECK",100,,8260.58
09/13/2007,7319,"CHECK",220,,8040.58
09/17/2007,,"DEPOSIT",,661.6,8702.18
09/17/2007,,"COUNTRYSIDE",260,,8442.18
09/17/2007,,"SOU GIANT FOOD INC 832",94.98,,8347.2
09/19/2007,,"INTEREST PAYMENT",,0.74,8347.94
09/19/2007,,"BLOOM #2712",46.85,,8301.09
09/19/2007,,"BLOOM #2712",54.22,,8246.87
Date,Check Number,Description,Debit,Credit,Running Balance

09/20/2007,0007343,CHECK,$46.00,,$8200.87
09/24/2007,,DEPOSIT,,$71.50,$8272.37
09/24/2007,0007345,Wash Gas UtilityCHECK PYMT,$32.00,,$8240.37
09/24/2007,,POTOMAC RUN #1,$100.00,,$8140.37
09/24/2007,0007344,CHECK,$15.00,,$8125.37
09/24/2007,0007349,CHECK,$29.00,,$8096.37
09/24/2007,0007342,CHECK,$77.00,,$8019.37
09/24/2007,0007346,CHECK,$2697.00,,$5322.37
09/25/2007,0007348,CHASE           CHECK PYMT,$50.00,,$5272.37
09/25/2007,0007347,VZ WIRELESS ARC ARC,$102.00,,$5170.37
09/26/2007,,STATE FARM RO 27SFPP,$265.44,,$4904.93
09/27/2007,0007350,CHECK,$400.00,,$4504.93
09/28/2007,,FIDELITY EMP SVCZETA,,$8020.92,$12525.85
10/01/2007,,DEPOSIT,,$62.31,$12588.16
10/01/2007,,POTOMAC RUN #2,$60.00,,$12528.16
10/02/2007,,CNS RITE AID CORP. 431,$28.54,,$12499.62
10/02/2007,0007326,CHECK,$10.00,,$12489.62
10/03/2007,0007353,CHASE           CHECK PYMT,$2063.00,,$10426.62
10/03/2007,0007352,CHECK,$50.00,,$10376.62
10/03/2007,0007355,CHECK,$1550.00,,$8826.62
10/05/2007,,FAIR OAKS,$40.00,,$8786.62
10/05/2007,,SOU GIANT FOOD INC 160,$43.70,,$8742.92
10/05/2007,0007356,CHECK,$300.00,,$8442.92
10/09/2007,,NON SUNTRUST ATM FEE,$2.00,,$8440.92
10/09/2007,,DEPOSIT,,$27.00,$8467.92
10/09/2007,,DEPOSIT,,$85.50,$8553.42
10/09/2007,,DEPOSIT,,$145.00,$8698.42
10/09/2007,,COUNTRYSIDE,$300.00,,$8398.42
10/09/2007,,POTOMAC RUN #2,$460.00,,$7938.42
10/09/2007,,00051000017,$62.00,,$7876.42
10/09/2007,0007354,CHECK,$25.00,,$7851.42
10/10/2007,0007357,DOM VA NC POWER BILLPYMT,$162.00,,$7689.42
10/10/2007,0007358,CHECK,$63.00,,$7626.42
10/11/2007,,TARGET T2272 STERLING,$63.51,,$7562.91
10/11/2007,0007361,CHECK,$1040.00,,$6522.91
10/12/2007,0007360,Wash Gas UtilityCHECK PYMT,$41.00,,$6481.91
10/12/2007,0007359,CHECK,$15.00,,$6466.91
10/12/2007,0007364,CHECK,$74.00,,$6392.91
10/15/2007,,CICIS CHANTILLY,$29.34,,$6363.57
10/15/2007,,OLD NAVY USA,$33.71,,$6329.86
10/16/2007,,ECKERD CORPORATI 46965,$20.19,,$6309.67
10/16/2007,,TARGET T1009 STERLING,$24.33,,$6285.34
10/18/2007,,NPM INC,$1.25,,$6284.09
10/18/2007,,SOU GIANT FOOD INC 962,$53.13,,$6230.96
10/18/2007,0007351,CHECK,$115.00,,$6115.96
10/19/2007,,INTEREST PAYMENT,,$0.65,$6116.61
Date,Check Number,Description,Debit,Credit,Running Balance

10/23/2007,0007366,CHECK,$80.00,,$6036.61
10/24/2007,,AMERICAN EXPRESSELEC REMIT,$634.13,,$5402.48
10/26/2007,,STATE FARM RO 27SFPP,$265.44,,$5137.04
10/26/2007,0007341,CHECK,$62.50,,$5074.54
10/29/2007,,DEPOSIT,,$3967.42,$9041.96
10/29/2007,,POTOMAC RUN #1,$120.00,,$8921.96
10/29/2007,,SHOPPERS FOOD/PHARM 26,$49.39,,$8872.57
10/29/2007,0007362,CHECK,$50.00,,$8822.57
10/31/2007,,FIDELITY EMP SVCZETA,,$9845.11,$18667.68
11/01/2007,,SHOPPERS FOOD/PHARM 26,$44.95,,$18622.73
11/02/2007,0007372,DOM VA NC POWER BILLPYMT,$133.00,,$18489.73
11/02/2007,,CVS 1409 401 STERLING,$29.33,,$18460.40
11/05/2007,0007370,CHASE           CHECK PYMT,$90.00,,$18370.40
11/05/2007,0007371,VZ WIRELESS ARC ARC,$97.00,,$18273.40
11/05/2007,0007369,CHASE           CHECK PYMT,$2925.00,,$15348.40
11/05/2007,,SHOPPERS FOOD/PHARM 26,$7.39,,$15341.01
11/05/2007,,AMERICAN EAGLE,$36.65,,$15304.36
11/05/2007,,TARGET T1009 STERLING,$41.01,,$15263.35
11/05/2007,,CNS PACSUN         430,$53.54,,$15209.81
11/05/2007,0007368,CHECK,$170.00,,$15039.81
11/06/2007,,SOUTH LAKES,$60.00,,$14979.81
11/07/2007,,SHOPPERS FOOD /,$24.76,,$14955.05
11/07/2007,0007377,CHECK,$1243.00,,$13712.05
11/08/2007,,SHOPPERS FOOD/PHARM 26,$37.95,,$13674.10
11/08/2007,0007378,CHECK,$154.00,,$13520.10
11/08/2007,0007376,CHECK,$300.00,,$13220.10
11/13/2007,0007379,Wash Gas UtilityCHECK PYMT,$48.00,,$13172.10
11/13/2007,,PLAZA AMERICA #1,$80.00,,$13092.10
11/13/2007,0007373,CHECK,$600.00,,$12492.10
11/13/2007,0007383,CHECK,$24.00,,$12468.10
11/14/2007,,DEPOSIT,,$57.42,$12525.52
11/14/2007,,MELODEE MUSIC,$83.99,,$12441.53
11/14/2007,0007374,CHECK,$15.00,,$12426.53
11/15/2007,,COSTPLUS,$20.98,,$12405.55
11/15/2007,,SOU BEST BUY/MHT #1332,$36.73,,$12368.82
11/15/2007,,WAL-MART #2038,$70.21,,$12298.61
11/16/2007,,HARRIS TEETER #0081,$66.03,,$12232.58
11/16/2007,0007375,CHECK,$1700.00,,$10532.58
11/19/2007,,INTEREST PAYMENT,,$0.95,$10533.53
11/19/2007,,DEPOSIT,,$278.00,$10811.53
11/19/2007,,SWEETWATER TAVER,$40.00,,$10771.53
11/19/2007,,WEGMANS 45131 COLUMBIA,$35.81,,$10735.72
11/19/2007,,TARGET T2272 STERLING,$144.58,,$10591.14
11/19/2007,0007363,CHECK,$20.00,,$10571.14
Date,Check Number,Description,Debit,Credit,Running Balance

11/20/2007,0007386,CHECK,$62.00,,$10509.14
11/20/2007,0007387,CHECK,$3985.00,,$6524.14
11/21/2007,0007385,CHECK,$15.00,,$6509.14
11/23/2007,,POTOMAC RUN #2,$120.00,,$6389.14
11/26/2007,,PLAZA AMERICA #1,$60.00,,$6329.14
11/26/2007,,SOU GIANT FOOD INC 032,$48.59,,$6280.55
11/27/2007,,STATE FARM RO 27SFPP,$265.44,,$6015.11
11/28/2007,,TRADER JOE'S # 646 446,$60.24,,$5954.87
11/29/2007,,TARGET T1088 RESTON,$56.67,,$5898.20
11/29/2007,0007384,CHECK,$8.00,,$5890.20
11/30/2007,,FIDELITY EMP SVCZETA,,$9478.99,$15369.19
11/30/2007,0007388,CHECK,$40.00,,$15329.19
12/03/2007,,SHOPPERS FOOD/PHARM 26,$49.90,,$15279.29
12/04/2007,0007338,CHECK,$68.00,,$15211.29
12/05/2007,0007395,DOM VA NC POWER BILLPYMT,$105.00,,$15106.29
12/05/2007,0007391,CHECK,$1700.00,,$13406.29
12/06/2007,,CHASE           CHECK PYMT,$49.00,,$13357.29
12/06/2007,0007393,VZ WIRELESS ARC ARC,$104.00,,$13253.29
12/06/2007,0007396,CHECK,$300.00,,$12953.29
12/10/2007,0007394,CHASE           CHECK PYMT,$1131.00,,$11822.29
12/10/2007,,COUNTRYSIDE,$100.00,,$11722.29
12/10/2007,0007367,CHECK,$40.00,,$11682.29
12/10/2007,0007397,CHECK,$330.00,,$11352.29
12/10/2007,0007398,CHECK,$500.00,,$10852.29
12/10/2007,0007389,CHECK,$1190.00,,$9662.29
12/12/2007,,POTOMAC RUN #2,$300.00,,$9362.29
12/14/2007,,HARRIS TEETER #0081,$108.72,,$9253.57
12/18/2007,,INTEREST PAYMENT,,$0.79,$9254.36
Date,Check Number,Description,Debit,Credit,Running Balance

12/19/2007,,POTOMAC RUN #2,$160.00,,$9094.36
12/20/2007,0007403,CHECK,$63.00,,$9031.36
12/21/2007,,NON SUNTRUST ATM FEE,$2.00,,$9029.36
12/21/2007,,STAR NORTHEAST,$80.00,,$8949.36
12/24/2007,0007405,Wash Gas UtilityCHECK PYMT,$128.00,,$8821.36
12/24/2007,0007404,CHECK,$15.00,,$8806.36
12/24/2007,0007406,CHECK,$1020.00,,$7786.36
12/26/2007,0007408,VZ WIRELESS ARC ARC,$112.00,,$7674.36
12/26/2007,0007401,CHECK,$1200.00,,$6474.36
12/27/2007,,NON SUNTRUST ATM FEE,$2.00,,$6472.36
12/27/2007,,STATE FARM RO 27SFPP,$256.60,,$6215.76
12/27/2007,,RICHLAND BANK,$82.00,,$6133.76
12/31/2007,,FIDELITY EMP SVCZETA,,$9112.87,$15246.63
12/31/2007,0007402,CHECK,$69.00,,$15177.63
01/02/2008,,POTOMAC RUN #1,$300.00,,$14877.63
01/02/2008,0007409,CHECK,$12.00,,$14865.63
01/03/2008,0007412,CHASE           CHECK PYMT,$50.00,,$14815.63
01/03/2008,0007410,CHASE           CHECK PYMT,$4508.00,,$10307.63
01/03/2008,,HARRIS TEETER #0081,$48.02,,$10259.61
01/04/2008,,DEPOSIT,,$67.00,$10326.61
